% This file was created with JabRef 2.9.2.
% Encoding: Cp1252

@INCOLLECTION{Andreakis2009,
  author = {Andreakis, Andreas and Hoyningen-Huene, Nicolai v and Beetz, Michael},
  title = {Incremental unsupervised time series analysis using merge growing
	neural gas},
  booktitle = {Advances in Self-Organizing Maps},
  publisher = {Springer},
  year = {2009},
  pages = {10--18},
  owner = {mtambos},
  timestamp = {2014.04.13}
}

@ARTICLE{Chandola2009,
  author = {Chandola, Varun and Banerjee, Arindam and Kumar, Vipin},
  title = {Anomaly detection: A survey},
  journal = {ACM Computing Surveys (CSUR)},
  year = {2009},
  volume = {41},
  pages = {15},
  number = {3},
  owner = {mtambos},
  publisher = {ACM},
  timestamp = {2014.04.13}
}

@INPROCEEDINGS{Chuah2007,
  author = {Chuah, Mooi Choo and Fu, Fen},
  title = {ECG anomaly detection via time series analysis},
  booktitle = {Frontiers of High Performance Computing and Networking ISPA 2007
	Workshops},
  year = {2007},
  pages = {123--135},
  organization = {Springer},
  owner = {mtambos},
  timestamp = {2014.04.13}
}

@INCOLLECTION{Fritzke1997,
  author = {Fritzke, Bernd},
  title = {A self-organizing network that can follow non-stationary distributions},
  booktitle = {Artificial Neural Networks—ICANN'97},
  publisher = {Springer},
  year = {1997},
  pages = {613--618},
  owner = {mtambos},
  timestamp = {2014.04.13}
}

@ARTICLE{Fritzke1995,
  author = {Fritzke, Bernd and others},
  title = {A growing neural gas network learns topologies},
  journal = {Advances in neural information processing systems},
  year = {1995},
  volume = {7},
  pages = {625--632},
  owner = {mtambos},
  publisher = {MORGAN KAUFMANN PUBLISHERS},
  timestamp = {2014.04.13}
}

@ARTICLE{Goldberger2000(June13),
  author = {Goldberger, A. L. and Amaral, L. A. N. and Glass, L. and Hausdorff,
	J. M. and Ivanov, P. Ch. and Mark, R. G. and Mietus, J. E. and Moody,
	G. B. and Peng, C.-K. and Stanley, H. E.},
  title = {{PhysioBank, PhysioToolkit, and PhysioNet}: Components of a New Research
	Resource for Complex Physiologic Signals},
  journal = {Circulation},
  year = {2000 (June 13)},
  volume = {101},
  pages = {e215--e220},
  number = {23},
  note = {Circulation Electronic Pages: http://circ.ahajournals.org/cgi/content/full/101/23/e215
	PMID:1085218; doi: 10.1161/01.CIR.101.23.e215},
  owner = {mtambos},
  timestamp = {2014.04.17}
}

@ARTICLE{Holmstroem2002,
  author = {Holmström, Jim},
  title = {Growing neural gas: Experiments with GNG, GNG with utility and supervised
	GNG},
  journal = {Master's thesis, Uppsala University},
  year = {2002},
  volume = {-},
  pages = {-},
  owner = {mtambos},
  timestamp = {2014.04.13}
}

@ARTICLE{Keogh2005a,
  author = {Keogh, Eamonn and Lin, Jessica},
  title = {Clustering of time-series subsequences is meaningless: implications
	for previous and future research},
  journal = {Knowledge and information systems},
  year = {2005},
  volume = {8},
  pages = {154--177},
  number = {2},
  owner = {mtambos},
  publisher = {Springer},
  timestamp = {2014.04.13}
}

@INPROCEEDINGS{Keogh2005,
  author = {Keogh, Eamonn and Lin, Jessica and Fu, Ada},
  title = {Hot sax: Efficiently finding the most unusual time series subsequence},
  booktitle = {Data mining, fifth IEEE international conference on},
  year = {2005},
  pages = {8--pp},
  organization = {IEEE},
  owner = {mtambos},
  timestamp = {2014.04.13}
}

@INPROCEEDINGS{Lin2005,
  author = {Lin, Jessica and Keogh, Eamonn and Fu, Ada and Van Herle, Helga},
  title = {Approximations to magic: Finding unusual medical time series},
  booktitle = {Computer-Based Medical Systems, 2005. Proceedings. 18th IEEE Symposium
	on},
  year = {2005},
  pages = {329--334},
  organization = {IEEE},
  owner = {mtambos},
  timestamp = {2014.04.16}
}

@ARTICLE{Lin2007,
  author = {Lin, Jessica and Keogh, Eamonn and Wei, Li and Lonardi, Stefano},
  title = {Experiencing SAX: a novel symbolic representation of time series},
  journal = {Data Mining and Knowledge Discovery},
  year = {2007},
  volume = {15},
  pages = {107--144},
  number = {2},
  owner = {mtambos},
  publisher = {Springer},
  timestamp = {2014.04.16}
}

@INPROCEEDINGS{Sledge2008,
  author = {Sledge, Isaac J and Keller, James M},
  title = {Growing neural gas for temporal clustering},
  booktitle = {Pattern Recognition, 2008. ICPR 2008. 19th International Conference
	on},
  year = {2008},
  pages = {1--4},
  organization = {IEEE},
  owner = {mtambos},
  timestamp = {2014.04.13}
}

@INPROCEEDINGS{Strickert2003,
  author = {Strickert, Marc and Hammer, Barbara},
  title = {Neural gas for sequences},
  booktitle = {Proceedings of the Workshop on Self-Organizing Maps (WSOM’03)},
  year = {2003},
  pages = {53--57},
  organization = {Citeseer},
  owner = {mtambos},
  timestamp = {2014.04.13}
}

@INPROCEEDINGS{Wei2005,
  author = {Wei, Li and Kumar, Nitin and Lolla, Venkata Nishanth and Keogh, Eamonn
	J and Lonardi, Stefano and Chotirat (Ann) Ratanamahatana},
  title = {Assumption-Free Anomaly Detection in Time Series.},
  booktitle = {SSDBM},
  year = {2005},
  volume = {5},
  pages = {237--242},
  owner = {mtambos},
  timestamp = {2014.04.13}
}

